<?xml version="1.0" encoding="UTF-8"?><record xmlns="http://www.loc.gov/MARC21/slim" xmlns:cinclude="http://apache.org/cocoon/include/1.0" xmlns:zs="http://www.loc.gov/zing/srw/">
  <leader>00423cz  a2200145n  4500</leader>
  <controlfield tag="001">n  80031562 </controlfield>
  <controlfield tag="003">DLC</controlfield>
  <controlfield tag="005">20090211080115.0</controlfield>
  <controlfield tag="008">800417n| acannaabn          |n anc      </controlfield>
  <datafield tag="010" ind1=" " ind2=" ">
    <subfield code="a">n  80031562 </subfield>
  </datafield>
  <datafield tag="035" ind1=" " ind2=" ">
    <subfield code="a">(OCoLC)oca00413773</subfield>
  </datafield>
  <datafield tag="040" ind1=" " ind2=" ">
    <subfield code="a">DLC</subfield>
    <subfield code="b">eng</subfield>
    <subfield code="c">DLC</subfield>
    <subfield code="d">OCoLC</subfield>
  </datafield>
  <datafield tag="110" ind1="2" ind2=" ">
    <subfield code="a">Ruppin Centre</subfield>
  </datafield>
  <datafield tag="670" ind1=" " ind2=" ">
    <subfield code="a">Quality of working life ... 1980 (a.e.)</subfield>
    <subfield code="b">prelim. p. 2 (Ruppin Centre)</subfield>
  </datafield>
  <datafield tag="675" ind1=" " ind2=" ">
    <subfield code="a">Encycl. Judaica, 1971 (Ruppin Institute)</subfield>
  </datafield>
</record>